<?xml version="1.0" encoding="UTF-8"?><record xmlns="http://www.loc.gov/MARC21/slim" xmlns:cinclude="http://apache.org/cocoon/include/1.0" xmlns:zs="http://www.loc.gov/zing/srw/">
  <leader>01234cz  a2200241n  4500</leader>
  <controlfield tag="001">nr 88008768 </controlfield>
  <controlfield tag="003">DLC</controlfield>
  <controlfield tag="005">20160805075304.0</controlfield>
  <controlfield tag="008">880916nc azannaabn          |b aaa     c</controlfield>
  <datafield tag="010" ind1=" " ind2=" ">
    <subfield code="a">nr 88008768 </subfield>
  </datafield>
  <datafield tag="035" ind1=" " ind2=" ">
    <subfield code="a">(OCoLC)oca02370786</subfield>
  </datafield>
  <datafield tag="040" ind1=" " ind2=" ">
    <subfield code="a">MiU</subfield>
    <subfield code="b">eng</subfield>
    <subfield code="e">rda</subfield>
    <subfield code="c">MiU</subfield>
    <subfield code="d">NjP</subfield>
    <subfield code="d">OCoLC</subfield>
    <subfield code="d">NNC</subfield>
  </datafield>
  <datafield tag="046" ind1=" " ind2=" ">
    <subfield code="f">1955</subfield>
    <subfield code="2">edtf</subfield>
  </datafield>
  <datafield tag="100" ind1="1" ind2=" ">
    <subfield code="a">Xiang, Nanxiang,</subfield>
    <subfield code="d">1955-</subfield>
  </datafield>
  <datafield tag="370" ind1=" " ind2=" ">
    <subfield code="a">Guangdong Sheng (China)</subfield>
    <subfield code="2">naf</subfield>
  </datafield>
  <datafield tag="400" ind1="1" ind2=" ">
    <subfield code="w">nne</subfield>
    <subfield code="a">Hsiang, Nan-hsiang,</subfield>
    <subfield code="d">1955-</subfield>
  </datafield>
  <datafield tag="400" ind1="1" ind2=" ">
    <subfield code="a">相南翔,</subfield>
    <subfield code="d">1955-</subfield>
  </datafield>
  <datafield tag="500" ind1="1" ind2=" ">
    <subfield code="w">r</subfield>
    <subfield code="i">Alternate identity:</subfield>
    <subfield code="a">Nan, Xiang</subfield>
  </datafield>
  <datafield tag="667" ind1=" " ind2=" ">
    <subfield code="a">Machine-derived non-Latin script reference project.</subfield>
  </datafield>
  <datafield tag="667" ind1=" " ind2=" ">
    <subfield code="a">Non-Latin script reference not evaluated.</subfield>
  </datafield>
  <datafield tag="670" ind1=" " ind2=" ">
    <subfield code="a">His Ming yün ti li hsüan, 1986:</subfield>
    <subfield code="b">t.p. (Hsiang Nan-hsiang) biog. data (b. 1955; lect., Chiang-hsi ta hsüeh Chung wen hsi; memb., Chung-kuo tso chia hsieh hui Chiang-hsi fen hui)</subfield>
  </datafield>
  <datafield tag="670" ind1=" " ind2=" ">
    <subfield code="a">Hai-nan ti ta lu nü jen, 1993:</subfield>
    <subfield code="b">t.p. (Nan Hsiang) cover flap (orig. name Hsiang Nan-hsiang; b. 1955, Kwangtung Prov.; grad., Chiang-hsi ta hsüeh, 1982; prof., Chiang-hsi ta hsüeh Chung wen hsi)</subfield>
  </datafield>
  <datafield tag="670" ind1=" " ind2=" ">
    <subfield code="a">1975 nian qiu tian de na pian feng ye, 2012:</subfield>
    <subfield code="b">t.p. (南翔 = Nan Xiang) flap of dust jkt. (real name: 相南翔 = Xiang Nanxiang; prof., Shenzhen da xue wen xue yuan)</subfield>
  </datafield>
</record>